<record><leader>00000cas a2200000 a 4500</leader><controlfield tag="001">31640897</controlfield><controlfield tag="008">941209d188u1992iluwr ne      0   a0eng c</controlfield><datafield ind1=" " ind2=" " tag="010"><subfield code="a">sn 94060623 </subfield></datafield><datafield ind1=" " ind2=" " tag="040"><subfield code="a">NVF</subfield><subfield code="b">eng</subfield><subfield code="c">NVF</subfield><subfield code="d">NVF</subfield><subfield code="d">OCLCF</subfield><subfield code="d">NVF</subfield><subfield code="d">OCLCO</subfield></datafield><datafield ind1="1" ind2=" " tag="029"><subfield code="a">AU@</subfield><subfield code="b">000011427673</subfield></datafield><datafield ind1=" " ind2=" " tag="042"><subfield code="a">pcc</subfield></datafield><datafield ind1=" " ind2=" " tag="043"><subfield code="a">n-us-il</subfield></datafield><datafield ind1="0" ind2="4" tag="245"><subfield code="a">The Farmington bugle.</subfield></datafield><datafield ind1="1" ind2=" " tag="246"><subfield code="i">Published in Yates City, Ill. area as:</subfield><subfield code="a">Yates City banner</subfield><subfield code="f">Jan. 14, 1988-Dec. 24, 1992</subfield></datafield><datafield ind1="1" ind2="7" tag="246"><subfield code="a">Bugle-banner</subfield><subfield code="f">Jan. 14, 1988-Sept. 13, 1990</subfield></datafield><datafield ind1="1" ind2="7" tag="246"><subfield code="a">Gazette/times/bugle/banner/telephone</subfield><subfield code="f">Sept. 20, 1990-Mar. 7, 1991</subfield></datafield><datafield ind1="1" ind2="7" tag="246"><subfield code="a">Times/gazette/bugle/banner/telephone</subfield><subfield code="f">Mar. 14, 1991-1992</subfield></datafield><datafield ind1="3" ind2=" " tag="246"><subfield code="a">Bugle banner</subfield></datafield><datafield ind1="3" ind2=" " tag="246"><subfield code="a">Gazette times bugle banner telephone</subfield></datafield><datafield ind1="3" ind2=" " tag="246"><subfield code="a">Times gazette bugle banner telephone</subfield></datafield><datafield ind1=" " ind2=" " tag="260"><subfield code="a">Farmington, Ill. :</subfield><subfield code="b">Wood &amp; Johnson</subfield></datafield><datafield ind1="3" ind2=" " tag="260"><subfield code="3">Jan. 14, 1988-Dec. 24, 1992</subfield><subfield code="a">Yates City, Ill. :</subfield><subfield code="b">[s.n.]</subfield></datafield><datafield ind1=" " ind2=" " tag="300"><subfield code="a">v.</subfield></datafield><datafield ind1=" " ind2=" " tag="310"><subfield code="a">Weekly</subfield></datafield><datafield ind1="0" ind2=" " tag="362"><subfield code="a">-v. 111, no. 51 (Dec. 24, 1992).</subfield></datafield><datafield ind1=" " ind2=" " tag="588"><subfield code="a">Description based on: Volume 8, number 18 (June 1, 1888).</subfield></datafield><datafield ind1=" " ind2="0" tag="651"><subfield code="a">Farmington (Ill.)</subfield><subfield code="v">Newspapers.</subfield></datafield><datafield ind1=" " ind2="0" tag="651"><subfield code="a">Yates City (Ill.)</subfield><subfield code="v">Newspapers.</subfield></datafield><datafield ind1=" " ind2="7" tag="651"><subfield code="a">Illinois</subfield><subfield code="z">Farmington.</subfield><subfield code="2">fast</subfield><subfield code="0">(OCoLC)fst01238085</subfield></datafield><datafield ind1=" " ind2="7" tag="651"><subfield code="a">Illinois</subfield><subfield code="z">Yates City.</subfield><subfield code="2">fast</subfield><subfield code="0">(OCoLC)fst01225473</subfield></datafield><datafield ind1=" " ind2="7" tag="655"><subfield code="a">Newspapers.</subfield><subfield code="2">fast</subfield><subfield code="0">(OCoLC)fst01423814</subfield></datafield><datafield ind1=" " ind2=" " tag="752"><subfield code="a">United States</subfield><subfield code="b">Illinois</subfield><subfield code="c">Fulton</subfield><subfield code="d">Farmington.</subfield></datafield><datafield ind1=" " ind2=" " tag="752"><subfield code="a">United States</subfield><subfield code="b">Illinois</subfield><subfield code="c">Knox</subfield><subfield code="d">Yates City.</subfield></datafield><datafield ind1="0" ind2="5" tag="780"><subfield code="t">Farmington home visitor</subfield><subfield code="w">(DLC)sn 94060622</subfield><subfield code="w">(OCoLC)31640843</subfield></datafield><datafield ind1="0" ind2="0" tag="785"><subfield code="t">Tri-County news (Elmwood, Ill. : Farmington bugle ed.)</subfield><subfield code="w">(DLC)sn2004061923</subfield><subfield code="w">(OCoLC)54832120</subfield></datafield></record>